@comment{}}

@string{june = {June}}

@article{1906ApJ....24....1R,
 adsnote = {Provided by the SAO/NASA Astrophysics Data System},
 adsurl = {https://ui.adsabs.harvard.edu/abs/1906ApJ....24....1R},
 author = {{Russell}, H.~N.},
 doi = {10.1086/141361},
 journal = {\apj},
 month = {July},
 pages = {1-18},
 title = {{On the light variations of asteroids and satellites}},
 volume = {24},
 year = {1906}
}

@article{1936Sci....84..506E,
 adsnote = {Provided by the SAO/NASA Astrophysics Data System},
 adsurl = {https://ui.adsabs.harvard.edu/abs/1936Sci....84..506E},
 author = {{Einstein}, Albert},
 doi = {10.1126/science.84.2188.506},
 journal = {Science},
 month = {December},
 number = {2188},
 pages = {506-507},
 title = {{Lens-Like Action of a Star by the Deviation of Light in the Gravitational Field}},
 volume = {84},
 year = {1936}
}

@article{1964PhRv..133..835L,
 adsnote = {Provided by the SAO/NASA Astrophysics Data System},
 adsurl = {https://ui.adsabs.harvard.edu/abs/1964PhRv..133..835L},
 author = {{Liebes}, Sidney},
 doi = {10.1103/PhysRev.133.B835},
 journal = {Physical Review},
 month = {February},
 number = {3B},
 pages = {835-844},
 title = {{Gravitational Lenses}},
 volume = {133},
 year = {1964}
}

@article{1972ApJ...174..449L,
 adsnote = {Provided by the SAO/NASA Astrophysics Data System},
 adsurl = {https://ui.adsabs.harvard.edu/abs/1972ApJ...174..449L},
 author = {{Lacis}, A.~A. and {Fix}, J.~D.},
 doi = {10.1086/151504},
 journal = {\apj},
 month = {June},
 pages = {449},
 title = {{An Analysis of the Light Curve of Pluto}},
 volume = {174},
 year = {1972}
}

@article{1980ApJ...241..507Y,
 adsnote = {Provided by the SAO/NASA Astrophysics Data System},
 adsurl = {https://ui.adsabs.harvard.edu/abs/1980ApJ...241..507Y},
 author = {{Young}, P. and {Gunn}, J.~E. and {Kristian}, J. and {Oke}, J.~B. and {Westphal}, J.~A.},
 doi = {10.1086/158365},
 journal = {\apj},
 keywords = {Galactic Clusters, Gravitational Lenses, Quasars, Spatial Distribution, Astronomical Models, Gravitational Effects, Imaging Techniques, Mass Distribution, Astrophysics},
 month = {October},
 pages = {507-520},
 title = {{The double quasar Q0957+561 A, B: a gravitational lens image formed by a galaxy at z=0.39.}},
 volume = {241},
 year = {1980}
}

@article{1986ApJ...301..503P,
 adsnote = {Provided by the SAO/NASA Astrophysics Data System},
 adsurl = {https://ui.adsabs.harvard.edu/abs/1986ApJ...301..503P},
 author = {{Paczynski}, B.},
 doi = {10.1086/163919},
 journal = {\apj},
 keywords = {Gravitational Lenses, Optical Thickness, Quasars, Stellar Gravitation, Computational Astrophysics, Light Curve, Mass Distribution, Monte Carlo Method, Point Sources, Star Distribution, Astrophysics, GRAVITATION, QUASARS, RELATIVITY},
 month = {February},
 pages = {503},
 title = {{Gravitational Microlensing at Large Optical Depth}},
 volume = {301},
 year = {1986}
}

@article{1986ApJ...304....1P,
 adsnote = {Provided by the SAO/NASA Astrophysics Data System},
 adsurl = {https://ui.adsabs.harvard.edu/abs/1986ApJ...304....1P},
 author = {{Paczynski}, B.},
 doi = {10.1086/164140},
 journal = {\apj},
 keywords = {Gravitational Lenses, Halos, Milky Way Galaxy, Optical Thickness, Point Sources, Stellar Gravitation, Variable Stars, Astrophysics, GALAXIES: MAGELLANIC CLOUDS, GRAVITATION, STARS: VARIABLES},
 month = {May},
 pages = {1},
 title = {{Gravitational Microlensing by the Galactic Halo}},
 volume = {304},
 year = {1986}
}

@article{1991ApJ...374L..37M,
 adsnote = {Provided by the SAO/NASA Astrophysics Data System},
 adsurl = {https://ui.adsabs.harvard.edu/abs/1991ApJ...374L..37M},
 author = {{Mao}, Shude and {Paczynski}, Bohdan},
 doi = {10.1086/186066},
 journal = {\apjl},
 keywords = {Double Stars, Galactic Bulge, Gravitational Lenses, Planetary Systems, Brown Dwarf Stars, Milky Way Galaxy, Astrophysics, GALAXIES: THE GALAXY, GRAVITATIONAL LENSES, PLANETS: GENERAL, STARS: BROWN DWARFS, STARS: VARIABLES},
 month = {June},
 pages = {L37},
 title = {{Gravitational Microlensing by Double Stars and Planetary Systems}},
 volume = {374},
 year = {1991}
}

@article{1992Icar...97..211B,
 adsnote = {Provided by the SAO/NASA Astrophysics Data System},
 adsurl = {https://ui.adsabs.harvard.edu/abs/1992Icar...97..211B},
 author = {{Buie}, Marc W. and {Tholen}, David J. and {Horne}, Keith},
 doi = {10.1016/0019-1035(92)90129-U},
 journal = {\icarus},
 keywords = {Albedo, Charon, Image Reconstruction, Light Curve, Maximum Entropy Method, Planetary Surfaces, Pluto (Planet), Astronomical Maps, Astronomical Models, Planetary Orbits, Lunar and Planetary Exploration},
 month = {June},
 number = {2},
 pages = {211-227},
 title = {{Albedo maps of Pluto and Charon: Initial mutual event results}},
 volume = {97},
 year = {1992}
}

@article{1992Natur.355..145W,
 adsnote = {Provided by the SAO/NASA Astrophysics Data System},
 adsurl = {https://ui.adsabs.harvard.edu/abs/1992Natur.355..145W},
 author = {{Wolszczan}, A. and {Frail}, D.~A.},
 doi = {10.1038/355145a0},
 journal = {\nat},
 keywords = {Binary Stars, Extrasolar Planets, Orbital Mechanics, Planetary Systems, Pulsars, Accretion Disks, Least Squares Method, Neutron Stars, Radio Astronomy, Supernova Remnants, Astrophysics},
 month = {January},
 number = {6356},
 pages = {145-147},
 title = {{A planetary system around the millisecond pulsar PSR1257 + 12}},
 volume = {355},
 year = {1992}
}

@article{1993AcA....43..289U,
 adsnote = {Provided by the SAO/NASA Astrophysics Data System},
 adsurl = {https://ui.adsabs.harvard.edu/abs/1993AcA....43..289U},
 author = {{Udalski}, A. and {Szymanski}, M. and {Kaluzny}, J. and {Kubiak}, M. and {Krzeminski}, W. and {Mateo}, M. and {Preston}, G.~W. and {Paczynski}, B.},
 journal = {\actaa},
 keywords = {Brown Dwarf Stars, Galactic Bulge, Gravitational Lenses, Galactic Halos, Photometry, Astrophysics, GRAVITATIONAL LENSING, GALAXY: HALO, STARS: LOW MASS: BROWN DWARFS},
 month = {July},
 pages = {289-294},
 title = {{The Optical Gravitational Lensing Experiment. Discovery of the First Candidate Microlensing Event in the Direction of the Galactic Bulge}},
 volume = {43},
 year = {1993}
}

@article{1993Icar..102..134Y,
 adsnote = {Provided by the SAO/NASA Astrophysics Data System},
 adsurl = {https://ui.adsabs.harvard.edu/abs/1993Icar..102..134Y},
 author = {{Young}, E.~F. and {Binzel}, R.~P.},
 doi = {10.1006/icar.1993.1038},
 journal = {\icarus},
 keywords = {Brightness Distribution, Least Squares Method, Light Curve, Planetary Mapping, Planetary Surfaces, Pluto (Planet), Astronomical Models, Charon, Polynomials, Reflectance, Spherical Harmonics, Transit Satellites, PLUTO, MAPPING, MODELS, LIGHTCURVE, PHOTOMETRY, REFLECTANCE, HARMONICS, EARTH-BASED OBSERVATIONS, TECHNIQUES, PROCEDURE, SURFACE, BRIGHTNESS, OPTICAL PROPERTIES, FEATURES, CALCULATIONS, PARAMETERS, Lunar and Planetary Exploration; Pluto},
 month = {March},
 number = {1},
 pages = {134-149},
 title = {{Comparative Mapping of Pluto's Sub-Charon Hemisphere: Three Least Squares Models Based on Mutual Event Lightcurves}},
 volume = {102},
 year = {1993}
}

@article{1994Icar..107..195S,
 adsnote = {Provided by the SAO/NASA Astrophysics Data System},
 adsurl = {https://ui.adsabs.harvard.edu/abs/1994Icar..107..195S},
 author = {{Spencer}, John R. and {Clark}, Beth E. and {Woodney}, Laura M. and {Sinton}, William M. and {Toomey}, D.},
 doi = {10.1006/icar.1994.1016},
 journal = {\icarus},
 keywords = {Io, Astronomical Photometry, Infrared Imagery, Europa, Occultation, Infrared Telescopes, Northern Hemisphere, Volcanoes, Light Curve, Lunar and Planetary Exploration},
 month = {January},
 number = {1},
 pages = {195-208},
 title = {{Io Hot Spots in 1991: Results from Europa Occultation Photometry and Infrared Imaging}},
 volume = {107},
 year = {1994}
}

@article{1995Natur.378..355M,
 adsnote = {Provided by the SAO/NASA Astrophysics Data System},
 adsurl = {https://ui.adsabs.harvard.edu/abs/1995Natur.378..355M},
 author = {{Mayor}, Michel and {Queloz}, Didier},
 doi = {10.1038/378355a0},
 journal = {\nat},
 month = {November},
 number = {6555},
 pages = {355-359},
 title = {{A Jupiter-mass companion to a solar-type star}},
 volume = {378},
 year = {1995}
}

@article{1999AJ....117.1063Y,
 adsnote = {Provided by the SAO/NASA Astrophysics Data System},
 adsurl = {https://ui.adsabs.harvard.edu/abs/1999AJ....117.1063Y},
 author = {{Young}, Eliot F. and {Galdamez}, Karla and {Buie}, Marc W. and {Binzel}, Richard P. and {Tholen}, David J.},
 doi = {10.1086/300722},
 journal = {\aj},
 keywords = {PLANETS AND SATELLITES: INDIVIDUAL: PLUTO, PLANETS AND SATELLITES: INDIVIDUAL: CHARON},
 month = {February},
 number = {2},
 pages = {1063-1076},
 title = {{Mapping the Variegated Surface of Pluto}},
 volume = {117},
 year = {1999}
}

@article{1999PThPS.133..233M,
 adsnote = {Provided by the SAO/NASA Astrophysics Data System},
 adsurl = {https://ui.adsabs.harvard.edu/abs/1999PThPS.133..233M},
 author = {{Muraki}, Y. and {Sumi}, T. and {Abe}, F. and {Bond}, I. and {Carter}, B. and {Dodd}, R. and {Fujimoto}, M. and {Hearnshaw}, J. and {Honda}, M. and {Jugaku}, J. and {Kabe}, S. and {Kato}, Y. and {Kobayashi}, M. and {Koribalski}, B. and {Kilmartin}, P. and {Masuda}, K. and {Matsubara}, Y. and {Nakamura}, T. and {Noda}, S. and {Pennycook}, G. and {Rattenbury}, N. and {Reid}, M. and {Saito}, T. and {Sato}, H. and {Sato}, S. and {Sekiguchi}, M. and {Sullivan}, D. and {Takeuti}, M. and {Watase}, Y. and {Yanagisawa}, T. and {Yock}, P. and {Yoshizawa}, M.},
 doi = {10.1143/PTPS.133.233},
 journal = {Progress of Theoretical Physics Supplement},
 month = {January},
 pages = {233-246},
 title = {{Search for Machos by the MOA Collaboration}},
 volume = {133},
 year = {1999}
}

@article{2007Natur.447..183K,
 adsnote = {Provided by the SAO/NASA Astrophysics Data System},
 adsurl = {https://ui.adsabs.harvard.edu/abs/2007Natur.447..183K},
 archiveprefix = {arXiv},
 author = {{Knutson}, Heather A. and {Charbonneau}, David and {Allen}, Lori E. and {Fortney}, Jonathan J. and {Agol}, Eric and {Cowan}, Nicolas B. and {Showman}, Adam P. and {Cooper}, Curtis S. and {Megeath}, S. Thomas},
 doi = {10.1038/nature05782},
 eprint = {0705.0993},
 journal = {\nat},
 keywords = {Astrophysics},
 month = {May},
 number = {7141},
 pages = {183-186},
 primaryclass = {astro-ph},
 title = {{A map of the day-night contrast of the extrasolar planet HD 189733b}},
 volume = {447},
 year = {2007}
}

@article{2009MNRAS.393..816D,
 adsnote = {Provided by the SAO/NASA Astrophysics Data System},
 adsurl = {https://ui.adsabs.harvard.edu/abs/2009MNRAS.393..816D},
 archiveprefix = {arXiv},
 author = {{Dominik}, M.},
 doi = {10.1111/j.1365-2966.2008.14276.x},
 eprint = {0811.4173},
 journal = {\mnras},
 keywords = {gravitational lensing, planetary systems, Astrophysics},
 month = {March},
 number = {3},
 pages = {816-821},
 primaryclass = {astro-ph},
 title = {{Parameter degeneracies and (un)predictability of gravitational microlensing events}},
 volume = {393},
 year = {2009}
}

@article{2012ApJ...747L..20M,
 adsnote = {Provided by the SAO/NASA Astrophysics Data System},
 adsurl = {https://ui.adsabs.harvard.edu/abs/2012ApJ...747L..20M},
 archiveprefix = {arXiv},
 author = {{Majeau}, Carl and {Agol}, Eric and {Cowan}, Nicolas B.},
 doi = {10.1088/2041-8205/747/2/L20},
 eid = {L20},
 eprint = {1202.1883},
 journal = {\apjl},
 keywords = {infrared: planetary systems, methods: observational, techniques: photometric, Astrophysics - Earth and Planetary Astrophysics},
 month = {March},
 number = {2},
 pages = {L20},
 primaryclass = {astro-ph.EP},
 title = {{A Two-dimensional Infrared Map of the Extrasolar Planet HD 189733b}},
 volume = {747},
 year = {2012}
}

@article{2012Natur.481..167C,
 adsnote = {Provided by the SAO/NASA Astrophysics Data System},
 adsurl = {https://ui.adsabs.harvard.edu/abs/2012Natur.481..167C},
 archiveprefix = {arXiv},
 author = {{Cassan}, A. and {Kubas}, D. and {Beaulieu}, J. -P. and {Dominik}, M. and {Horne}, K. and {Greenhill}, J. and {Wambsganss}, J. and {Menzies}, J. and {Williams}, A. and {J{\o}rgensen}, U.~G. and {Udalski}, A. and {Bennett}, D.~P. and {Albrow}, M.~D. and {Batista}, V. and {Brillant}, S. and {Caldwell}, J.~A.~R. and {Cole}, A. and {Coutures}, Ch. and {Cook}, K.~H. and {Dieters}, S. and {Dominis Prester}, D. and {Donatowicz}, J. and {Fouqu{\'e}}, P. and {Hill}, K. and {Kains}, N. and {Kane}, S. and {Marquette}, J. -B. and {Martin}, R. and {Pollard}, K.~R. and {Sahu}, K.~C. and {Vinter}, C. and {Warren}, D. and {Watson}, B. and {Zub}, M. and {Sumi}, T. and {Szyma{\'n}ski}, M.~K. and {Kubiak}, M. and {Poleski}, R. and {Soszynski}, I. and {Ulaczyk}, K. and {Pietrzy{\'n}ski}, G. and {Wyrzykowski}, {\L}.},
 doi = {10.1038/nature10684},
 eprint = {1202.0903},
 journal = {\nat},
 keywords = {Astrophysics - Earth and Planetary Astrophysics},
 month = {January},
 number = {7380},
 pages = {167-169},
 primaryclass = {astro-ph.EP},
 title = {{One or more bound planets per Milky Way star from microlensing observations}},
 volume = {481},
 year = {2012}
}

@article{2013ApJ...776L..25D,
 adsnote = {Provided by the SAO/NASA Astrophysics Data System},
 adsurl = {https://ui.adsabs.harvard.edu/abs/2013ApJ...776L..25D},
 archiveprefix = {arXiv},
 author = {{Demory}, Brice-Olivier and {de Wit}, Julien and {Lewis}, Nikole and {Fortney}, Jonathan and {Zsom}, Andras and {Seager}, Sara and {Knutson}, Heather and {Heng}, Kevin and {Madhusudhan}, Nikku and {Gillon}, Michael and {Barclay}, Thomas and {Desert}, Jean-Michel and {Parmentier}, Vivien and {Cowan}, Nicolas B.},
 doi = {10.1088/2041-8205/776/2/L25},
 eid = {L25},
 eprint = {1309.7894},
 journal = {\apjl},
 keywords = {planetary systems, stars: individual: Kepler-7, techniques: photometric, Astrophysics - Earth and Planetary Astrophysics},
 month = {October},
 number = {2},
 pages = {L25},
 primaryclass = {astro-ph.EP},
 title = {{Inference of Inhomogeneous Clouds in an Exoplanet Atmosphere}},
 volume = {776},
 year = {2013}
}

@article{2014MNRAS.437.4006S,
 adsnote = {Provided by the SAO/NASA Astrophysics Data System},
 adsurl = {https://ui.adsabs.harvard.edu/abs/2014MNRAS.437.4006S},
 archiveprefix = {arXiv},
 author = {{Song}, Ying-Yi and {Mao}, Shude and {An}, Jin H.},
 doi = {10.1093/mnras/stt2222},
 eprint = {1311.3103},
 journal = {\mnras},
 keywords = {gravitational lensing: micro, binaries: general, planetary systems, Galaxy: bulge, Astrophysics - Earth and Planetary Astrophysics},
 month = {February},
 number = {4},
 pages = {4006-4018},
 primaryclass = {astro-ph.EP},
 title = {{Degeneracies in triple gravitational microlensing}},
 volume = {437},
 year = {2014}
}

@article{2014Sci...346..838S,
 adsnote = {Provided by the SAO/NASA Astrophysics Data System},
 adsurl = {https://ui.adsabs.harvard.edu/abs/2014Sci...346..838S},
 archiveprefix = {arXiv},
 author = {{Stevenson}, Kevin B. and {D{\'e}sert}, Jean-Michel and {Line}, Michael R. and {Bean}, Jacob L. and {Fortney}, Jonathan J. and {Showman}, Adam P. and {Kataria}, Tiffany and {Kreidberg}, Laura and {McCullough}, Peter R. and {Henry}, Gregory W. and {Charbonneau}, David and {Burrows}, Adam and {Seager}, Sara and {Madhusudhan}, Nikku and {Williamson}, Michael H. and {Homeier}, Derek},
 doi = {10.1126/science.1256758},
 eprint = {1410.2241},
 journal = {Science},
 keywords = {PLANET SCI, Astrophysics - Earth and Planetary Astrophysics, Astrophysics - Instrumentation and Methods for Astrophysics},
 month = {November},
 number = {6211},
 pages = {838-841},
 primaryclass = {astro-ph.EP},
 title = {{Thermal structure of an exoplanet atmosphere from phase-resolved emission spectroscopy}},
 volume = {346},
 year = {2014}
}

@article{2015ApJ...812..136B,
 adsnote = {Provided by the SAO/NASA Astrophysics Data System},
 adsurl = {https://ui.adsabs.harvard.edu/abs/2015ApJ...812..136B},
 archiveprefix = {arXiv},
 author = {{Bachelet}, E. and {Bramich}, D.~M. and {Han}, C. and {Greenhill}, J. and {Street}, R.~A. and {Gould}, A. and {D'Ago}, G. and {AlSubai}, K. and {Dominik}, M. and {Figuera Jaimes}, R. and {Horne}, K. and {Hundertmark}, M. and {Kains}, N. and {Snodgrass}, C. and {Steele}, I.~A. and {Tsapras}, Y. and {RoboNet Collaboration} and {Albrow}, M.~D. and {Batista}, V. and {Beaulieu}, J. -P. and {Bennett}, D.~P. and {Brillant}, S. and {Caldwell}, J.~A.~R. and {Cassan}, A. and {Cole}, A. and {Coutures}, C. and {Dieters}, S. and {Dominis Prester}, D. and {Donatowicz}, J. and {Fouqu{\'e}}, P. and {Hill}, K. and {Marquette}, J. -B. and {Menzies}, J. and {Pere}, C. and {Ranc}, C. and {Wambsganss}, J. and {Warren}, D. and {PLANET Collaboration} and {de Almeida}, L. Andrade and {Choi}, J. -Y. and {DePoy}, D.~L. and {Dong}, S. and {Hung}, L. -W. and {Hwang}, K. -H. and {Jablonski}, F. and {Jung}, Y.~K. and {Kaspi}, S. and {Klein}, N. and {Lee}, C. -U. and {Maoz}, D. and {Mu{\~n}oz}, J.~A. and {Nataf}, D. and {Park}, H. and {Pogge}, R.~W. and {Polishook}, D. and {Shin}, I. -G. and {Shporer}, A. and {Yee}, J.~C. and {{\ensuremath{\mu}}FUN Collaboration} and {Abe}, F. and {Bhattacharya}, A. and {Bond}, I.~A. and {Botzler}, C.~S. and {Freeman}, M. and {Fukui}, A. and {Itow}, Y. and {Koshimoto}, N. and {Ling}, C.~H. and {Masuda}, K. and {Matsubara}, Y. and {Muraki}, Y. and {Ohnishi}, K. and {Philpott}, L.~C. and {Rattenbury}, N. and {Saito}, To. and {Sullivan}, D.~J. and {Sumi}, T. and {Suzuki}, D. and {Tristram}, P.~J. and {Yonehara}, A. and {MOA Collaboration} and {Bozza}, V. and {Calchi Novati}, S. and {Ciceri}, S. and {Galianni}, P. and {Gu}, S. -H. and {Harps{\o}e}, K. and {Hinse}, T.~C. and {J{\o}rgensen}, U.~G. and {Juncher}, D. and {Korhonen}, H. and {Mancini}, L. and {Melchiorre}, C. and {Popovas}, A. and {Postiglione}, A. and {Rabus}, M. and {Rahvar}, S. and {Schmidt}, R.~W. and {Scarpetta}, G. and {Skottfelt}, J. and {Southworth}, John and {Stabile}, An. and {Surdej}, J. and {Wang}, X. -B. and {Wertz}, O. and {MiNDSTEp Collaboration}},
 doi = {10.1088/0004-637X/812/2/136},
 eid = {136},
 eprint = {1510.02724},
 journal = {\apj},
 keywords = {gravitational lensing: micro, planetary systems, techniques: photometric, Astrophysics - Earth and Planetary Astrophysics},
 month = {October},
 number = {2},
 pages = {136},
 primaryclass = {astro-ph.EP},
 title = {{Red Noise Versus Planetary Interpretations in the Microlensing Event Ogle-2013-BLG-446}},
 volume = {812},
 year = {2015}
}

@article{2016Natur.532..207D,
 adsnote = {Provided by the SAO/NASA Astrophysics Data System},
 adsurl = {https://ui.adsabs.harvard.edu/abs/2016Natur.532..207D},
 archiveprefix = {arXiv},
 author = {{Demory}, Brice-Olivier and {Gillon}, Michael and {de Wit}, Julien and {Madhusudhan}, Nikku and {Bolmont}, Emeline and {Heng}, Kevin and {Kataria}, Tiffany and {Lewis}, Nikole and {Hu}, Renyu and {Krick}, Jessica and {Stamenkovi{\'c}}, Vlada and {Benneke}, Bj{\"o}rn and {Kane}, Stephen and {Queloz}, Didier},
 doi = {10.1038/nature17169},
 eprint = {1604.05725},
 journal = {\nat},
 keywords = {Astrophysics - Earth and Planetary Astrophysics},
 month = {April},
 number = {7598},
 pages = {207-209},
 primaryclass = {astro-ph.EP},
 title = {{A map of the large day-night temperature gradient of a super-Earth exoplanet}},
 volume = {532},
 year = {2016}
}

@article{2018AcA....68...43S,
 adsnote = {Provided by the SAO/NASA Astrophysics Data System},
 adsurl = {https://ui.adsabs.harvard.edu/abs/2018AcA....68...43S},
 archiveprefix = {arXiv},
 author = {{Skowron}, J. and {Ryu}, Y. -H. and {Hwang}, K. -H. and {Udalski}, A. and {Mr{\'o}z}, P. and {Koz{\l}owski}, S. and {Soszy{\'n}ski}, I. and {Pietrukowicz}, P. and {Szyma{\'n}ski}, M.~K. and {Poleski}, R. and {Ulaczyk}, K. and {Pawlak}, M. and {Rybicki}, K. and {Iwanek}, P. and {Albrow}, M.~D. and {Chung}, S. -J. and {Gould}, A. and {Han}, C. and {Jung}, Y.~K. and {Shin}, I. -G. and {Shvartzvald}, Y. and {Yee}, J.~C. and {Zang}, W. and {Zhu}, W. and {Cha}, S. -M. and {Kim}, D. -J. and {Kim}, H. -W. and {Kim}, S. -L. and {Lee}, C. -U. and {Lee}, D. -J. and {Lee}, Y. and {Park}, B. -G. and {Pogge}, R.~W.},
 doi = {10.32023/0001-5237/68.1.2},
 eprint = {1802.10067},
 journal = {\actaa},
 keywords = {Gravitational lensing: micro - Planetary systems, Astrophysics - Earth and Planetary Astrophysics},
 month = {March},
 number = {1},
 pages = {43-61},
 primaryclass = {astro-ph.EP},
 title = {{OGLE-2017-BLG-0373Lb: A Jovian Mass-Ratio Planet Exposes A New Accidental Microlensing Degeneracy}},
 volume = {68},
 year = {2018}
}

@article{2018AJ....155..259H,
 adsnote = {Provided by the SAO/NASA Astrophysics Data System},
 adsurl = {https://ui.adsabs.harvard.edu/abs/2018AJ....155..259H},
 archiveprefix = {arXiv},
 author = {{Hwang}, K. -H. and {Udalski}, A. and {Bond}, I.~A. and {Albrow}, M.~D. and {Chung}, S. -J. and {Gould}, A. and {Han}, C. and {Jung}, Y.~K. and {Ryu}, Y. -H. and {Shin}, I. -G. and {Yee}, J.~C. and {Zhu}, W. and {Cha}, S. -M. and {Kim}, D. -J. and {Kim}, H. -W. and {Kim}, S. -L. and {Lee}, C. -U. and {Lee}, D. -J. and {Lee}, Y. and {Park}, B. -G. and {Pogge}, R.~W. and {KMTNet Collaboration} and {Pawlak}, M. and {Poleski}, R. and {Szyma{\'n}ski}, M.~K. and {Skowron}, J. and {Soszy{\'n}ski}, I. and {Mr{\'o}z}, P. and {Koz{\l}owski}, S. and {Pietrukowicz}, P. and {Ulaczyk}, K. and {OGLE Collaboration} and {Abe}, F. and {Asakura}, Y. and {Barry}, R. and {Bennett}, D.~P. and {Bhattacharya}, A. and {Donachie}, M. and {Evans}, P. and {Fukui}, A. and {Hirao}, Y. and {Itow}, Y. and {Kawasaki}, K. and {Koshimoto}, N. and {Li}, M.~C.~A. and {Ling}, C.~H. and {Masuda}, K. and {Matsubara}, Y. and {Miyazaki}, S. and {Muraki}, Y. and {Nagakane}, M. and {Ohnishi}, K. and {Ranc}, C. and {Rattenbury}, N.~J. and {Saito}, To. and {Sharan}, A. and {Sullivan}, D.~J. and {Sumi}, T. and {Suzuki}, D. and {Tristram}, P.~J. and {Yamada}, T. and {Yamada}, T. and {Yonehara}, A. and {MOA Collaboration}},
 doi = {10.3847/1538-3881/aac2cb},
 eid = {259},
 eprint = {1711.09651},
 journal = {\aj},
 keywords = {gravitational lensing: micro, planetary systems, Astrophysics - Earth and Planetary Astrophysics},
 month = {June},
 number = {6},
 pages = {259},
 primaryclass = {astro-ph.EP},
 title = {{OGLE-2015-BLG-1459L: The Challenges of Exo-moon Microlensing}},
 volume = {155},
 year = {2018}
}

@article{2019AJ....157...23H,
 adsnote = {Provided by the SAO/NASA Astrophysics Data System},
 adsurl = {https://ui.adsabs.harvard.edu/abs/2019AJ....157...23H},
 archiveprefix = {arXiv},
 author = {{Hwang}, Kyu-Ha and {Ryu}, Yoon-Hyun and {Kim}, Hyoun-Woo and {Albrow}, Michael D. and {Chung}, Sun-Ju and {Gould}, Andrew and {Han}, Cheongho and {Jung}, Youn Kil and {Shin}, In-Gu and {Shvartzvald}, Yossi and {Yee}, Jennifer C. and {Zang}, Weicheng and {Cha}, Sang-Mok and {Kim}, Dong-Jin and {Kim}, Seung-Lee and {Lee}, Chung-Uk and {Lee}, Dong-Joo and {Lee}, Yongseok and {Park}, Byeong-Gon and {Pogge}, Richard W.},
 doi = {10.3847/1538-3881/aaf16e},
 eid = {23},
 eprint = {1805.08888},
 journal = {\aj},
 keywords = {gravitational lensing: micro, Astrophysics - Earth and Planetary Astrophysics},
 month = {January},
 number = {1},
 pages = {23},
 primaryclass = {astro-ph.EP},
 title = {{KMT-2016-BLG-1107: A New Hollywood-planet Close/Wide Degeneracy}},
 volume = {157},
 year = {2019}
}

@article{2019AJ....157...64L,
 adsnote = {Provided by the SAO/NASA Astrophysics Data System},
 adsurl = {https://ui.adsabs.harvard.edu/abs/2019AJ....157...64L},
 archiveprefix = {arXiv},
 author = {{Luger}, Rodrigo and {Agol}, Eric and {Foreman-Mackey}, Daniel and {Fleming}, David P. and {Lustig-Yaeger}, Jacob and {Deitrick}, Russell},
 doi = {10.3847/1538-3881/aae8e5},
 eid = {64},
 eprint = {1810.06559},
 journal = {\aj},
 keywords = {eclipses, methods: analytical, occultations, techniques: photometric, Astrophysics - Instrumentation and Methods for Astrophysics, Astrophysics - Earth and Planetary Astrophysics, Astrophysics - Solar and Stellar Astrophysics},
 month = {February},
 number = {2},
 pages = {64},
 primaryclass = {astro-ph.IM},
 title = {{starry: Analytic Occultation Light Curves}},
 volume = {157},
 year = {2019}
}

@article{2019ApJ...873..111I,
 adsnote = {Provided by the SAO/NASA Astrophysics Data System},
 adsurl = {https://ui.adsabs.harvard.edu/abs/2019ApJ...873..111I},
 archiveprefix = {arXiv},
 author = {{Ivezi{\'c}}, {\v{Z}}eljko and {Kahn}, Steven M. and {Tyson}, J. Anthony and {Abel}, Bob and {Acosta}, Emily and {Allsman}, Robyn and {Alonso}, David and {AlSayyad}, Yusra and {Anderson}, Scott F. and {Andrew}, John and et al.},
 doi = {10.3847/1538-4357/ab042c},
 eid = {111},
 eprint = {0805.2366},
 journal = {\apj},
 keywords = {astrometry, cosmology: observations, Galaxy: general, methods: observational, stars: general, surveys, Astrophysics},
 month = {March},
 number = {2},
 pages = {111},
 primaryclass = {astro-ph},
 title = {{LSST: From Science Drivers to Reference Design and Anticipated Data Products}},
 volume = {873},
 year = {2019}
}

@article{2019ApJS..241....3P,
 adsnote = {Provided by the SAO/NASA Astrophysics Data System},
 adsurl = {https://ui.adsabs.harvard.edu/abs/2019ApJS..241....3P},
 archiveprefix = {arXiv},
 author = {{Penny}, Matthew T. and {Gaudi}, B. Scott and {Kerins}, Eamonn and {Rattenbury}, Nicholas J. and {Mao}, Shude and {Robin}, Annie C. and {Calchi Novati}, Sebastiano},
 doi = {10.3847/1538-4365/aafb69},
 eid = {3},
 eprint = {1808.02490},
 journal = {\apjs},
 keywords = {gravitational lensing: micro, planets and satellites: detection, space vehicles: instruments, Astrophysics - Earth and Planetary Astrophysics},
 month = {March},
 number = {1},
 pages = {3},
 primaryclass = {astro-ph.EP},
 title = {{Predictions of the WFIRST Microlensing Survey. I. Bound Planet Detection Rates}},
 volume = {241},
 year = {2019}
}

@article{2019MNRAS.484.5608D,
 adsnote = {Provided by the SAO/NASA Astrophysics Data System},
 adsurl = {https://ui.adsabs.harvard.edu/abs/2019MNRAS.484.5608D},
 archiveprefix = {arXiv},
 author = {{Dominik}, M. and {Bachelet}, E. and {Bozza}, V. and {Street}, R.~A. and {Han}, C. and {Hundertmark}, M. and {Udalski}, A. and {Bramich}, D.~M. and {Alsubai}, K.~A. and {Calchi Novati}, S. and {Ciceri}, S. and {D'Ago}, G. and {Figuera Jaimes}, R. and {Haugb{\o}lle}, T. and {Hinse}, T.~C. and {Horne}, K. and {J{\o}rgensen}, U.~G. and {Juncher}, D. and {Kains}, N. and {Korhonen}, H. and {Mancini}, L. and {Menzies}, J. and {Popovas}, A. and {Rabus}, M. and {Rahvar}, S. and {Scarpetta}, G. and {Schmidt}, R. and {Skottfelt}, J. and {Snodgrass}, C. and {Southworth}, J. and {Starkey}, D. and {Steele}, I.~A. and {Surdej}, J. and {Tsapras}, Y. and {Wambsganss}, J. and {Wertz}, O. and {Pietrukowicz}, P. and {Szyma{\'n}ski}, M.~K. and {Mr{\'o}z}, P. and {Skowron}, J. and {Soszy{\'n}ski}, I. and {Ulaczyk}, K. and {Poleski}, R. and {Wyrzykowski}, {\L}. and {Koz{\l}owski}, S.},
 doi = {10.1093/mnras/stz306},
 eprint = {1808.03149},
 journal = {\mnras},
 keywords = {gravitational lensing: micro, methods: data analysis, methods: statistical, planets and satellites: detection, (stars:) binaries: eclipsing, Galaxy: kinematics and dynamics, Astrophysics - Earth and Planetary Astrophysics, Astrophysics - Astrophysics of Galaxies, Astrophysics - Instrumentation and Methods for Astrophysics, Astrophysics - Solar and Stellar Astrophysics},
 month = {April},
 number = {4},
 pages = {5608-5632},
 primaryclass = {astro-ph.EP},
 title = {{OGLE-2014-BLG-1186: gravitational microlensing providing evidence for a planet orbiting the foreground star or for a close binary source?}},
 volume = {484},
 year = {2019}
}

@article{2019MNRAS.488.3308L,
 adsnote = {Provided by the SAO/NASA Astrophysics Data System},
 adsurl = {https://ui.adsabs.harvard.edu/abs/2019MNRAS.488.3308L},
 archiveprefix = {arXiv},
 author = {{Li}, S. -S. and {Zang}, W. and {Udalski}, A. and {Shvartzvald}, Y. and {Huber}, D. and {Lee}, C. -U. and {Sumi}, T. and {Gould}, A. and {Mao}, S. and {Fouqu{\'e}}, P. and {Wang}, T. and {Dong}, S. and {J{\o}rgensen}, U.~G. and {Cole}, A. and {Mr{\'o}z}, P. and {Szyma{\'n}ski}, M.~K. and {Skowron}, J. and {Poleski}, R. and {Soszy{\'n}ski}, I. and {Pietrukowicz}, P. and {Koz{\l}owski}, S. and {Ulaczyk}, K. and {Rybicki}, K.~A. and {Iwanek}, P. and {Yee}, J.~C. and {Calchi Novati}, S. and {Beichman}, C.~A. and {Bryden}, G. and {Carey}, S. and {Gaudi}, B.~S. and {Henderson}, C.~B. and {Zhu}, W. and {Albrow}, M.~D. and {Chung}, S. -J. and {Han}, C. and {Hwang}, K. -H. and {Jung}, Y.~K. and {Ryu}, Y. -H. and {Shin}, I. -G. and {Cha}, S. -M. and {Kim}, D. -J. and {Kim}, H. -W. and {Kim}, S. -L. and {Lee}, D. -J. and {Lee}, Y. and {Park}, B. -G. and {Pogge}, R.~W. and {Bond}, I.~A. and {Abe}, F. and {Barry}, R. and {Bennett}, D.~P. and {Bhattacharya}, A. and {Donachie}, M. and {Fukui}, A. and {Hirao}, Y. and {Itow}, Y. and {Kondo}, I. and {Koshimoto}, N. and {Li}, M.~C.~A. and {Matsubara}, Y. and {Muraki}, Y. and {Miyazaki}, S. and {Nagakane}, M. and {Ranc}, C. and {Rattenbury}, N.~J. and {Suematsu}, H. and {Sullivan}, D.~J. and {Suzuki}, D. and {Tristram}, P.~J. and {Yonehara}, A. and {Christie}, G. and {Drummond}, J. and {Green}, J. and {Hennerley}, S. and {Natusch}, T. and {Porritt}, I. and {Bachelet}, E. and {Maoz}, D. and {Street}, R.~A. and {Tsapras}, Y. and {Bozza}, V. and {Dominik}, M. and {Hundertmark}, M. and {Peixinho}, N. and {Sajadian}, S. and {Burgdorf}, M.~J. and {Evans}, D.~F. and {Figuera Jaimes}, R. and {Fujii}, Y.~I. and {Haikala}, L.~K. and {Helling}, C. and {Henning}, T. and {Hinse}, T.~C. and {Mancini}, L. and {Longa-Pe{\~n}a}, P. and {Rahvar}, S. and {Rabus}, M. and {Skottfelt}, J. and {Snodgrass}, C. and {Southworth}, J. and {Unda-Sanzana}, E. and {von Essen}, C. and {Beaulieu}, J. -P. and {Blackman}, J. and {Hill}, K.},
 doi = {10.1093/mnras/stz1873},
 eprint = {1904.07718},
 journal = {\mnras},
 keywords = {asteroseismology, gravitational lensing: micro, stars: fundamental parameters, stars: oscillations, Astrophysics - Solar and Stellar Astrophysics, Astrophysics - Earth and Planetary Astrophysics},
 month = {September},
 number = {3},
 pages = {3308-3323},
 primaryclass = {astro-ph.SR},
 title = {{OGLE-2017-BLG-1186: first application of asteroseismology and Gaussian processes to microlensing}},
 volume = {488},
 year = {2019}
}

@article{2020SSRv..216..139S,
 adsnote = {Provided by the SAO/NASA Astrophysics Data System},
 adsurl = {https://ui.adsabs.harvard.edu/abs/2020SSRv..216..139S},
 archiveprefix = {arXiv},
 author = {{Showman}, Adam P. and {Tan}, Xianyu and {Parmentier}, Vivien},
 doi = {10.1007/s11214-020-00758-8},
 eid = {139},
 eprint = {2007.15363},
 journal = {\ssr},
 keywords = {Exoplanets, Giant planets, Hot Jupiters, Jupiter, Saturn, Brown dwarfs, Atmospheric dynamics, Turbulence, Astrophysics - Earth and Planetary Astrophysics, Astrophysics - Solar and Stellar Astrophysics},
 month = {December},
 number = {8},
 pages = {139},
 primaryclass = {astro-ph.EP},
 title = {{Atmospheric Dynamics of Hot Giant Planets and Brown Dwarfs}},
 volume = {216},
 year = {2020}
}

@article{2021arXiv210306275L,
 adsnote = {Provided by the SAO/NASA Astrophysics Data System},
 adsurl = {https://ui.adsabs.harvard.edu/abs/2021arXiv210306275L},
 archiveprefix = {arXiv},
 author = {{Luger}, Rodrigo and {Agol}, Eric and {Bartoli{\'c}}, Fran and {Foreman-Mackey}, Daniel},
 eid = {arXiv:2103.06275},
 eprint = {2103.06275},
 journal = {arXiv e-prints},
 keywords = {Astrophysics - Earth and Planetary Astrophysics, Astrophysics - Instrumentation and Methods for Astrophysics},
 month = {March},
 pages = {arXiv:2103.06275},
 primaryclass = {astro-ph.EP},
 title = {{Analytic Light Curves in Reflected Light: Phase Curves, Occultations, and Non-Lambertian Scattering for Spherical Planets and Moons}},
 year = {2021}
}

@article{2021Natur.596..583J,
 adsnote = {Provided by the SAO/NASA Astrophysics Data System},
 adsurl = {https://ui.adsabs.harvard.edu/abs/2021Natur.596..583J},
 author = {{Jumper}, John and {Evans}, Richard and {Pritzel}, Alexander and {Green}, Tim and {Figurnov}, Michael and {Ronneberger}, Olaf and {Tunyasuvunakool}, Kathryn and {Bates}, Russ and {{\v{Z}}{\'\i}dek}, Augustin and {Potapenko}, Anna and {Bridgland}, Alex and {Meyer}, Clemens and {Kohl}, Simon A.~A. and {Ballard}, Andrew J. and {Cowie}, Andrew and {Romera-Paredes}, Bernardino and {Nikolov}, Stanislav and {Jain}, Rishub and {Adler}, Jonas and {Back}, Trevor and {Petersen}, Stig and {Reiman}, David and {Clancy}, Ellen and {Zielinski}, Michal and {Steinegger}, Martin and {Pacholska}, Michalina and {Berghammer}, Tamas and {Bodenstein}, Sebastian and {Silver}, David and {Vinyals}, Oriol and {Senior}, Andrew W. and {Kavukcuoglu}, Koray and {Kohli}, Pushmeet and {Hassabis}, Demis},
 doi = {10.1038/s41586-021-03819-2},
 journal = {\nat},
 month = {July},
 number = {7873},
 pages = {583-589},
 title = {{Highly accurate protein structure prediction with AlphaFold}},
 volume = {596},
 year = {2021}
}

@article{2021Natur.600...70D,
 adsnote = {Provided by the SAO/NASA Astrophysics Data System},
 adsurl = {https://ui.adsabs.harvard.edu/abs/2021Natur.600...70D},
 author = {{Davies}, Alex and {Veli{\v{c}}kovi{\'c}}, Petar and {Buesing}, Lars and {Blackwell}, Sam and {Zheng}, Daniel and {Toma{\v{s}}ev}, Nenad and {Tanburn}, Richard and {Battaglia}, Peter and {Blundell}, Charles and {Juh{\'a}sz}, Andr{\'a}s and {Lackenby}, Marc and {Williamson}, Geordie and {Hassabis}, Demis and {Kohli}, Pushmeet},
 doi = {10.1038/s41586-021-04086-x},
 journal = {\nat},
 month = {December},
 number = {7887},
 pages = {70-74},
 title = {{Advancing mathematics by guiding human intuition with AI}},
 volume = {600},
 year = {2021}
}

@article{2022arXiv220209475B,
 adsnote = {Provided by the SAO/NASA Astrophysics Data System},
 adsurl = {https://ui.adsabs.harvard.edu/abs/2022arXiv220209475B},
 archiveprefix = {arXiv},
 author = {{Bachelet}, Etienne and {Specht}, David and {Penny}, Matthew and {Hundertmark}, Markus and {Awiphan}, Supachai and {Beaulieu}, Jean-Philippe and {Dominik}, Martin and {Kerins}, Eamonn and {Maoz}, Dan and {Meade}, Evan and {Nucita}, Achille and {Poleski}, Radek and {Ranc}, Clement and {Rhodes}, Jason and {Robin}, Annie},
 eid = {arXiv:2202.09475},
 eprint = {2202.09475},
 journal = {arXiv e-prints},
 keywords = {Astrophysics - Earth and Planetary Astrophysics, Astrophysics - Astrophysics of Galaxies, Astrophysics - Instrumentation and Methods for Astrophysics},
 month = {February},
 pages = {arXiv:2202.09475},
 primaryclass = {astro-ph.EP},
 title = {{Euclid-Roman joint microlensing survey: early mass measurement, free floating planets and exomoons}},
 year = {2022}
}

@article{2022PSJ.....3...67B,
 adsnote = {Provided by the SAO/NASA Astrophysics Data System},
 adsurl = {https://ui.adsabs.harvard.edu/abs/2022PSJ.....3...67B},
 archiveprefix = {arXiv},
 author = {{Bartoli{\'c}}, Fran and {Luger}, Rodrigo and {Foreman-Mackey}, Daniel and {Howell}, Robert R. and {Rathbun}, Julie A.},
 doi = {10.3847/PSJ/ac2a3e},
 eid = {67},
 eprint = {2103.03758},
 journal = {\psj},
 keywords = {Io, Volcanoes, Volcanism, Occultation, Bayesian statistics, Exoplanets, 2190, 1780, 2174, 1148, 1900, 498, Astrophysics - Earth and Planetary Astrophysics, Astrophysics - Instrumentation and Methods for Astrophysics},
 month = {March},
 number = {3},
 pages = {67},
 primaryclass = {astro-ph.EP},
 title = {{Occultation Mapping of Io's Surface in the Near-infrared. I. Inferring Static Maps}},
 volume = {3},
 year = {2022}
}

@article{arXiv:1202.3829,
 adsnote = {Provided by the SAO/NASA Astrophysics Data System},
 adsurl = {https://ui.adsabs.harvard.edu/abs/2012A&A...548A.128D},
 archiveprefix = {arXiv},
 author = {{de Wit}, J. and {Gillon}, M. and {Demory}, B. -O. and {Seager}, S.},
 doi = {10.1051/0004-6361/201219060},
 eid = {A128},
 eprint = {1202.3829},
 journal = {\aap},
 keywords = {Eclipses, planets and satellites: individual: HD 189733b, techniques: photometric, Astrophysics - Earth and Planetary Astrophysics},
 month = {December},
 pages = {A128},
 primaryclass = {astro-ph.EP},
 title = {{Towards consistent mapping of distant worlds: secondary-eclipse scanning of the exoplanet HD 189733b}},
 volume = {548},
 year = {2012}
}

@article{Cameron2021,
 author = {Cameron, Thomas R. and Graillat, Stef},
 doi = {10.1553/etna\_vol55s401},
 hal_id = {hal-03335604},
 hal_version = {v1},
 journal = {{Electronic Transactions on Numerical Analysis}},
 keywords = {polynomial evaluation ; error-free transformations ; polynomial roots ; backward error ; forward error ; rounding error analysis},
 pages = {401--423},
 pdf = {https://hal.archives-ouvertes.fr/hal-03335604/file/CompEA%281%29.pdf},
 publisher = {{Kent State University Library}},
 title = {{On a compensated Ehrlich-Aberth method for the accurate computation of all polynomial roots}},
 url = {https://hal.archives-ouvertes.fr/hal-03335604},
 volume = {55},
 year = {2022}
}

@article{deWit:2012,
 adsnote = {Provided by the SAO/NASA Astrophysics Data System},
 adsurl = {https://ui.adsabs.harvard.edu/abs/2012A&A...548A.128D},
 archiveprefix = {arXiv},
 author = {{de Wit}, J. and {Gillon}, M. and {Demory}, B. -O. and {Seager}, S.},
 doi = {10.1051/0004-6361/201219060},
 eid = {A128},
 eprint = {1202.3829},
 journal = {\aap},
 keywords = {Eclipses, planets and satellites: individual: HD 189733b, techniques: photometric, Astrophysics - Earth and Planetary Astrophysics},
 month = {December},
 pages = {A128},
 primaryclass = {astro-ph.EP},
 title = {{Towards consistent mapping of distant worlds: secondary-eclipse scanning of the exoplanet HD 189733b}},
 volume = {548},
 year = {2012}
}

@book{Newton1704,
 author = {Newton, Isaac},
 doi = {10.5479/sil.302475.39088000644674},
 title = {Opticks: or, A treatise of the reflections, refractions, inflexions and colours of light.},
 year = {1704}
}

@article{Renn1997,
 abstract = {Gravitational lensing, now taken as an important astrophysical consequence of the general theory of relativity, was found even before this theory was formulated but was discarded as a speculative idea without any chance of empirical confirmation. Reconstruction of some of Einstein's research notes dating back to 1912 reveals that he explored the possibility of gravitational lensing 3 years before completing his general theory of relativity. On the basis of preliminary insights into this theory, Einstein had already derived the basic features of the lensing effect. When he finally published the very same results 24 years later, it was only in response to prodding by an amateur scientist.},
 author = {Jurgen Renn and Tilman Sauer and John Stachel},
 issn = {00368075, 10959203},
 journal = {Science},
 number = {5297},
 pages = {184--186},
 publisher = {American Association for the Advancement of Science},
 title = {The Origin of Gravitational Lensing: A Postscript to Einstein's 1936 Science Paper},
 url = {http://www.jstor.org/stable/2891896},
 urldate = {2022-05-19},
 volume = {275},
 year = {1997}
}

